<collection xmlns="http://www.loc.gov/MARC21/slim">
<record>
  <leader>01660nam0a2200313 i 450 </leader>
  <controlfield tag="001">IT\ICCU\CNCE\055352</controlfield>
  <controlfield tag="005">20070512000000.0</controlfield>
  <datafield tag="012" ind1=" " ind2=" ">
    <subfield code="a">er,&amp; o-na ,oi, unBR (3) 1529 (R)</subfield>
    <subfield code="2">fei</subfield>
    <subfield code="9">1</subfield>
  </datafield>
  <datafield tag="100" ind1=" " ind2=" ">
    <subfield code="a">20040122d1529        0itac0103    ba</subfield>
  </datafield>
  <datafield tag="101" ind1=" " ind2=" ">
    <subfield code="a">ITA</subfield>
  </datafield>
  <datafield tag="102" ind1=" " ind2=" ">
    <subfield code="a">IT</subfield>
  </datafield>
  <datafield tag="200" ind1="1" ind2=" ">
    <subfield code="a">Libro della arte della guerra di Niccolo Machiauegli cittadino et segretario fiorentino</subfield>
  </datafield>
  <datafield tag="210" ind1=" " ind2=" ">
    <subfield code="a">\Firenze</subfield>
    <subfield code="c">eredi di Filippo Giunta!</subfield>
    <subfield code="e">Impresso in Firenze</subfield>
    <subfield code="g">per li heredi di Philippo di Giunta</subfield>
    <subfield code="h">1529</subfield>
  </datafield>
  <datafield tag="215" ind1=" " ind2=" ">
    <subfield code="a">112 \i.e. 120! c.</subfield>
    <subfield code="c">ill.</subfield>
    <subfield code="d">8ʻ</subfield>
  </datafield>
  <datafield tag="620" ind1=" " ind2=" ">
    <subfield code="a">IT</subfield>
    <subfield code="d">Firenze</subfield>
  </datafield>
  <datafield tag="700" ind1=" " ind2="1">
    <subfield code="a">Machiavelli,</subfield>
    <subfield code="b"></subfield>
    <subfield code="3">IT\ICCU\CNCA\004508</subfield>
  </datafield>
  <datafield tag="712" ind1="0" ind2="0">
    <subfield code="a">Giunta, Filippo</subfield>
    <subfield code="c"> &lt;1.&gt; - eredi</subfield>
    <subfield code="3">IT\ICCU\CNCT\000328</subfield>
    <subfield code="4">650</subfield>
  </datafield>
  <datafield tag="790" ind1=" " ind2="1">
    <subfield code="a">Machiavelli,</subfield>
    <subfield code="b"></subfield>
    <subfield code="3">IT\ICCU\CNCA\019601</subfield>
    <subfield code="z"></subfield>
  </datafield>
  <datafield tag="790" ind1=" " ind2="1">
    <subfield code="a">Macchiavelli,</subfield>
    <subfield code="b"></subfield>
    <subfield code="3">IT\ICCU\CNCA\019602</subfield>
    <subfield code="z"></subfield>
  </datafield>
  <datafield tag="790" ind1=" " ind2="1">
    <subfield code="a">Macchiavelli,</subfield>
    <subfield code="b"></subfield>
    <subfield code="3">IT\ICCU\CNCA\019603</subfield>
    <subfield code="z"></subfield>
  </datafield>
  <datafield tag="801" ind1=" " ind2="3">
    <subfield code="a">IT</subfield>
    <subfield code="b">ICCU</subfield>
    <subfield code="c">20201115</subfield>
  </datafield>
  <datafield tag="899" ind1=" " ind2=" ">
    <subfield code="a">Biblioteca del Centro studi sull&apos;Ordine di S. Maria dei Servi. Bologna</subfield>
    <subfield code="1">BO0331</subfield>
    <subfield code="2">ZBO 06</subfield>
  </datafield>
  <datafield tag="899" ind1=" " ind2=" ">
    <subfield code="a">Biblioteca Apostolica Vaticana. Citt ̉del Vaticano</subfield>
    <subfield code="1">EX0001</subfield>
    <subfield code="2">ZCV 01</subfield>
  </datafield>
  <datafield tag="899" ind1=" " ind2=" ">
    <subfield code="a">Biblioteca Marucelliana. Firenze</subfield>
    <subfield code="z">MUTILO</subfield>
    <subfield code="1">FI0101</subfield>
    <subfield code="2">CFI MF</subfield>
  </datafield>
  <datafield tag="899" ind1=" " ind2=" ">
    <subfield code="a">Biblioteca nazionale Vittorio Emanuele III. Napoli</subfield>
    <subfield code="1">NA0079</subfield>
    <subfield code="2">NAP BN</subfield>
  </datafield>
  <datafield tag="899" ind1=" " ind2=" ">
    <subfield code="a">Biblioteca universitaria Alessandrina. Roma</subfield>
    <subfield code="1">RM0280</subfield>
    <subfield code="2">RML 01</subfield>
  </datafield>
  <datafield tag="899" ind1=" " ind2=" ">
    <subfield code="a">British Library. London</subfield>
    <subfield code="1">UK0001</subfield>
  </datafield>
  <datafield tag="911" ind1=" " ind2=" ">
    <subfield code="a">Sul front. e in fine</subfield>
    <subfield code="9">IT\ICCU\CNCM\000321</subfield>
  </datafield>
  <datafield tag="921" ind1=" " ind2=" ">
    <subfield code="a">IT\ICCU\CNCM\000321</subfield>
    <subfield code="b">Giglio fiorentino sorretto da due putti. Iniziale F in basso al centro</subfield>
    <subfield code="e">Nil candidius.</subfield>
    <subfield code="c">K44</subfield>
    <subfield code="c">Z649</subfield>
    <subfield code="d">Dimensioni: 3,3 x 5,2</subfield>
    <subfield code="f">F</subfield>
    <subfield code="f">GIGLIO</subfield>
    <subfield code="f">NILCANDIDI</subfield>
    <subfield code="f">PUTTI</subfield>
    <subfield code="g">1519-1588</subfield>
  </datafield>
</record>
</collection>
